<?xml version="1.0" encoding="UTF-8"?><collection xmlns="http://www.loc.gov/MARC21/slim"><record><leader>00537nam--2200181-i-4500</leader><controlfield tag="001">000013410</controlfield><controlfield tag="002">20161230</controlfield><controlfield tag="005">20161230201030</controlfield><controlfield tag="008">060222s1000------------r-----000-0-fre-d</controlfield><datafield ind1=" " ind2=" " tag="040"><subfield code="a">IFIN-HH</subfield></datafield><datafield ind1=" " ind2=" " tag="041"><subfield code="a">fre</subfield></datafield><datafield ind1=" " ind2=" " tag="080"><subfield code="a">539.2:548.1(043)</subfield></datafield><datafield ind1="1" ind2=" " tag="100"><subfield code="a">Borsier, Michel</subfield></datafield><datafield ind1="1" ind2="0" tag="245"><subfield code="a">Contribution a l'etude de la structure de bande des composes d'insertion de mataux alcalins dans le graphite</subfield><subfield code="b">These</subfield><subfield code="c">Michel borsier</subfield></datafield><datafield ind1=" " ind2=" " tag="260"><subfield code="a">Orleans</subfield><subfield code="b">Universite</subfield><subfield code="c">1978</subfield></datafield><datafield ind1=" " ind2=" " tag="300"><subfield code="a">157 P</subfield></datafield><datafield ind1=" " ind2=" " tag="852"><subfield code="a">48631</subfield><subfield code="c">539.2</subfield></datafield><datafield ind1=" " ind2=" " tag="CAT"><subfield code="a">Sys</subfield><subfield code="c">20121031</subfield><subfield code="h">145803</subfield></datafield></record></collection>